<record><leader>00000cas a22000007a 4500</leader><controlfield tag="001">10595818</controlfield><controlfield tag="008">840405c19839999aruwr ne      0   a0eng d</controlfield><datafield ind1=" " ind2=" " tag="010"><subfield code="a">sn 84009719 </subfield></datafield><datafield ind1=" " ind2=" " tag="040"><subfield code="a">NSD</subfield><subfield code="b">eng</subfield><subfield code="c">NSD</subfield><subfield code="d">ANU</subfield><subfield code="d">OCLCQ</subfield></datafield><datafield ind1=" " ind2=" " tag="012"><subfield code="m">1</subfield></datafield><datafield ind1="1" ind2=" " tag="022"><subfield code="a">0747-1572</subfield><subfield code="l">0747-1572</subfield><subfield code="2">1</subfield></datafield><datafield ind1=" " ind2=" " tag="032"><subfield code="a">715310</subfield><subfield code="b">USPS</subfield></datafield><datafield ind1=" " ind2=" " tag="042"><subfield code="a">nsdp</subfield></datafield><datafield ind1=" " ind2="0" tag="222"><subfield code="a">White Hall journal</subfield></datafield><datafield ind1="0" ind2="0" tag="245"><subfield code="a">White Hall journal.</subfield></datafield><datafield ind1="1" ind2="3" tag="246"><subfield code="a">Whitehall journal</subfield></datafield><datafield ind1=" " ind2=" " tag="260"><subfield code="a">Pine Bluff, AR :</subfield><subfield code="b">Action Print. Co.</subfield></datafield><datafield ind1=" " ind2=" " tag="310"><subfield code="a">Weekly</subfield></datafield><datafield ind1="0" ind2=" " tag="362"><subfield code="a">Vol. 1, no. 1 (Sept. 29, 1983)-</subfield></datafield><datafield ind1=" " ind2="4" tag="651"><subfield code="a">White Hall (Ark.)</subfield><subfield code="v">Newspapers.</subfield></datafield><datafield ind1=" " ind2="4" tag="651"><subfield code="a">Jefferson County (Ark.)</subfield><subfield code="v">Newspapers.</subfield></datafield><datafield ind1=" " ind2=" " tag="752"><subfield code="a">United States</subfield><subfield code="b">Arkansas</subfield><subfield code="c">Jefferson</subfield><subfield code="d">Pine Bluff.</subfield></datafield></record>